
@article{JMLR:v17:16-177,
    author = {James Townsend and Niklas Koep and Sebastian Weichwald},
    journal = {Journal of Machine Learning Research},
    number = {137},
    pages = {1â€“5},
    title = {Pymanopt: A Python Toolbox for Optimization on Manifolds using Automatic Differentiation},
    url = {http://jmlr.org/papers/v17/16-177.html},
    volume = {17},
    year = {2016}
}