@article{Fosco2013,
  title = {Vacuum fluctuations and generalized boundary conditions},
  author = {Fosco, C\'esar D. and Lombardo, Fernando C. and Mazzitelli, Francisco D.},
  journal = {Phys. Rev. D},
  volume = {87},
  issue = {10},
  pages = {105008},
  numpages = {8},
  year = {2013},
  month = {May},
  publisher = {American Physical Society},
  doi = {10.1103/PhysRevD.87.105008},
  url = {https://link.aps.org/doi/10.1103/PhysRevD.87.105008}
}

